<?xml version="1.0" encoding="UTF-8"?><collection xmlns="http://www.loc.gov/MARC21/slim"><record><leader>00597nam--2200169-i-4500</leader><controlfield tag="001">000034599</controlfield><controlfield tag="002">20161230</controlfield><controlfield tag="005">20161230201040</controlfield><controlfield tag="008">060222s1000------------r-----000-0-eng-d</controlfield><datafield ind1=" " ind2=" " tag="040"><subfield code="a">IFIN-HH</subfield></datafield><datafield ind1=" " ind2=" " tag="080"><subfield code="a">53</subfield></datafield><datafield ind1="1" ind2=" " tag="100"><subfield code="a">Stehn, John R</subfield></datafield><datafield ind1="1" ind2="0" tag="245"><subfield code="a">Neutron cross sections. vol. iii. z=88 to 98. bnl 325 supplement no.2. (physics - tid-4500)</subfield><subfield code="c">John r. stehn, murrey d. goldberg, renate wiener-chasman, said f. mughabghab, benjamin a. magurno, victoria m. may</subfield></datafield><datafield ind1=" " ind2=" " tag="260"><subfield code="a">Washington,D.C</subfield><subfield code="b">Sigma Center</subfield><subfield code="c">1965</subfield></datafield><datafield ind1="1" ind2=" " tag="700"><subfield code="a">May, Victoria M</subfield></datafield><datafield ind1=" " ind2=" " tag="852"><subfield code="a">13512</subfield><subfield code="c">53.081</subfield></datafield><datafield ind1=" " ind2=" " tag="CAT"><subfield code="a">Sys</subfield><subfield code="c">20151113</subfield><subfield code="h">095814</subfield></datafield></record></collection>